@inproceedings{googlenet,
author = {Szegedy, Christian and Liu, Wei and Jia, Yangqing and Sermanet, Pierre and Reed, Scott and Anguelov, Dragomir and Erhan, Dumitru and Vanhoucke, Vincent and Rabinovich, Andrew},
title = {Going Deeper With Convolutions},
booktitle = {The IEEE Conference on Computer Vision and Pattern Recognition (CVPR)},
month = {June},
year = {2015}
}

@inproceedings{EIE,
 author = {Han, Song and Liu, Xingyu and Mao, Huizi and Pu, Jing and Pedram, Ardavan and Horowitz, Mark A. and Dally, William J.},
 title = {EIE: Efficient Inference Engine on Compressed Deep Neural Network},
 booktitle = {Proceedings of the 43rd International Symposium on Computer Architecture},
 series = {ISCA '16},
 year = {2016},
 isbn = {978-1-4673-8947-1},
 location = {Seoul, Republic of Korea},
 pages = {243--254},
 numpages = {12},
 url = {https://doi.org/10.1109/ISCA.2016.30},
 doi = {10.1109/ISCA.2016.30},
 acmid = {3001163},
 publisher = {IEEE Press},
 address = {Piscataway, NJ, USA},
 keywords = {ASIC, algorithm-hardware co-design, deep learning, hardware acceleration, model compression},
}

@inproceedings{throughput,
 author = {Suda, Naveen and Chandra, Vikas and Dasika, Ganesh and Mohanty, Abinash and Ma, Yufei and Vrudhula, Sarma and Seo, Jae-sun and Cao, Yu},
 title = {Throughput-Optimized OpenCL-based FPGA Accelerator for Large-Scale Convolutional Neural Networks},
 booktitle = {Proceedings of the 2016 ACM/SIGDA International Symposium on Field-Programmable Gate Arrays},
 series = {FPGA '16},
 year = {2016},
 isbn = {978-1-4503-3856-1},
 location = {Monterey, California, USA},
 pages = {16--25},
 numpages = {10},
 url = {http://doi.acm.org/10.1145/2847263.2847276},
 doi = {10.1145/2847263.2847276},
 acmid = {2847276},
 publisher = {ACM},
 address = {New York, NY, USA},
 keywords = {convolutional neural networks, fpga, opencl, optimization},
}

@incollection{alexnet,
title = {ImageNet Classification with Deep Convolutional Neural Networks},
author = {Alex Krizhevsky and Sutskever, Ilya and Hinton, Geoffrey E},
booktitle = {Advances in Neural Information Processing Systems 25},
editor = {F. Pereira and C. J. C. Burges and L. Bottou and K. Q. Weinberger},
pages = {1097--1105},
year = {2012},
publisher = {Curran Associates, Inc.},
url = {http://papers.nips.cc/paper/4824-imagenet-classification-with-deep-convolutional-neural-networks.pdf}
}